%مراجع خود را در این قسمت وارد کنید.
% دستوری برای کوچک کردن اندازه فونت‌ها 
%یک مثال را در زیر می‌بینید.
@article{bidabad2007classification,
  title={A classification of some Finsler connections and their applications},
  author={Bidabad, Behroz and Tayebi, Akbar},
  journal={arXiv preprint arXiv:0710.2816},
  year={2007}
}
@book{aa,
  title={هندسه‌ی منیفلد},
  author={دکتر بهروز بیدآباد},
  publisher={دانشگاه صنعتی امیرکبیر},
  year={1389},
 LANGUAGE ={Persian}
}

@article{najafi2008finsler,
  title={Finsler metrics of scalar flag curvature with special non-Riemannian curvature properties},
  author={Najafi, B and Shen, Z and Tayebi, A},
  journal={Geometriae Dedicata},
  volume={131},
  number={1},
  pages={87--97},
  year={2008},
  publisher={Springer}
}
@book{najafi,
  title={هندسه‌ی منیفلد},
  author={دکتر بهزاد نجفی},
  publisher={دانشگاه صنعتی امیرکبیر},
  year={1388},
 LANGUAGE ={Persian}
}
@book{zakeri,
  title={دستورالعمل و راهنمای نگارش پایان‌نامه},
  author={مهندس محمدرضا ذاکری},
  publisher={دانشگاه صنعتی امیرکبیر},
  year={1391},
 LANGUAGE ={Persian}
}

% =======================================
%                   مراجع پروژه پارسا
% =======================================


@misc{gulati2020conformer,
      title={Conformer: Convolution-augmented Transformer for Speech Recognition}, 
      author={Anmol Gulati and James Qin and Chung-Cheng Chiu and Niki Parmar and Yu Zhang and Jiahui Yu and Wei Han and Shibo Wang and Zhengdong Zhang and Yonghui Wu and Ruoming Pang},
      year={2020},
      eprint={2005.08100},
      archivePrefix={arXiv},
      primaryClass={eess.AS}
}

@article{DBLP:journals/corr/VaswaniSPUJGKP17,
  author       = {Ashish Vaswani and
                  Noam Shazeer and
                  Niki Parmar and
                  Jakob Uszkoreit and
                  Llion Jones and
                  Aidan N. Gomez and
                  Lukasz Kaiser and
                  Illia Polosukhin},
  title        = {Attention Is All You Need},
  journal      = {CoRR},
  volume       = {abs/1706.03762},
  year         = {2017},
  url          = {http://arxiv.org/abs/1706.03762},
  eprinttype    = {arXiv},
  eprint       = {1706.03762},
  timestamp    = {Sat, 23 Jan 2021 01:20:40 +0100},
  biburl       = {https://dblp.org/rec/journals/corr/VaswaniSPUJGKP17.bib},
  bibsource    = {dblp computer science bibliography, https://dblp.org}
}

@misc{kim2022ebranchformer,
      title={E-Branchformer: Branchformer with Enhanced merging for speech recognition}, 
      author={Kwangyoun Kim and Felix Wu and Yifan Peng and Jing Pan and Prashant Sridhar and Kyu J. Han and Shinji Watanabe},
      year={2022},
      eprint={2210.00077},
      archivePrefix={arXiv},
      primaryClass={eess.AS}
}

@misc{peng2023comparative,
      title={A Comparative Study on E-Branchformer vs Conformer in Speech Recognition, Translation, and Understanding Tasks}, 
      author={Yifan Peng and Kwangyoun Kim and Felix Wu and Brian Yan and Siddhant Arora and William Chen and Jiyang Tang and Suwon Shon and Prashant Sridhar and Shinji Watanabe},
      year={2023},
      eprint={2305.11073},
      archivePrefix={arXiv},
      primaryClass={cs.CL}
}

@article{sabouri2022naab,
  title={naab: A ready-to-use plug-and-play corpus for Farsi},
  author={Sabouri, Sadra and Rahmati, Elnaz and Gooran, Soroush and Sameti, Hossein},
  journal={arXiv preprint arXiv:2208.13486},
  year={2022}
}

@misc{watanabe2018espnet,
      title={ESPnet: End-to-End Speech Processing Toolkit}, 
      author={Shinji Watanabe and Takaaki Hori and Shigeki Karita and Tomoki Hayashi and Jiro Nishitoba and Yuya Unno and Nelson Enrique Yalta Soplin and Jahn Heymann and Matthew Wiesner and Nanxin Chen and Adithya Renduchintala and Tsubasa Ochiai},
      year={2018},
      eprint={1804.00015},
      archivePrefix={arXiv},
      primaryClass={cs.CL}
}

@article{abid2019gradio,
  title = {Gradio: Hassle-Free Sharing and Testing of ML Models in the Wild},
  author = {Abid, Abubakar and Abdalla, Ali and Abid, Ali and Khan, Dawood and Alfozan, Abdulrahman and Zou, James},
  journal = {arXiv preprint arXiv:1906.02569},
  year = {2019},
}

@misc{wolf2020huggingfaces,
      title={HuggingFace's Transformers: State-of-the-art Natural Language Processing}, 
      author={Thomas Wolf and Lysandre Debut and Victor Sanh and Julien Chaumond and Clement Delangue and Anthony Moi and Pierric Cistac and Tim Rault and Rémi Louf and Morgan Funtowicz and Joe Davison and Sam Shleifer and Patrick von Platen and Clara Ma and Yacine Jernite and Julien Plu and Canwen Xu and Teven Le Scao and Sylvain Gugger and Mariama Drame and Quentin Lhoest and Alexander M. Rush},
      year={2020},
      eprint={1910.03771},
      archivePrefix={arXiv},
      primaryClass={cs.CL}
}

@misc{tensorflow2015-whitepaper,
title={ {TensorFlow}: Large-Scale Machine Learning on Heterogeneous Systems},
url={https://www.tensorflow.org/},
note={Software available from tensorflow.org},
author={
    Mart\'{i}n~Abadi and
    Ashish~Agarwal and
    Paul~Barham and
    Eugene~Brevdo and
    Zhifeng~Chen and
    Craig~Citro and
    Greg~S.~Corrado and
    Andy~Davis and
    Jeffrey~Dean and
    Matthieu~Devin and
    Sanjay~Ghemawat and
    Ian~Goodfellow and
    Andrew~Harp and
    Geoffrey~Irving and
    Michael~Isard and
    Yangqing Jia and
    Rafal~Jozefowicz and
    Lukasz~Kaiser and
    Manjunath~Kudlur and
    Josh~Levenberg and
    Dandelion~Man\'{e} and
    Rajat~Monga and
    Sherry~Moore and
    Derek~Murray and
    Chris~Olah and
    Mike~Schuster and
    Jonathon~Shlens and
    Benoit~Steiner and
    Ilya~Sutskever and
    Kunal~Talwar and
    Paul~Tucker and
    Vincent~Vanhoucke and
    Vijay~Vasudevan and
    Fernanda~Vi\'{e}gas and
    Oriol~Vinyals and
    Pete~Warden and
    Martin~Wattenberg and
    Martin~Wicke and
    Yuan~Yu and
    Xiaoqiang~Zheng},
  year={2015},
}

@misc{huang2023language,
      title={Language Is Not All You Need: Aligning Perception with Language Models}, 
      author={Shaohan Huang and Li Dong and Wenhui Wang and Yaru Hao and Saksham Singhal and Shuming Ma and Tengchao Lv and Lei Cui and Owais Khan Mohammed and Barun Patra and Qiang Liu and Kriti Aggarwal and Zewen Chi and Johan Bjorck and Vishrav Chaudhary and Subhojit Som and Xia Song and Furu Wei},
      year={2023},
      eprint={2302.14045},
      archivePrefix={arXiv},
      primaryClass={cs.CL}
}